<?xml version="1.0" encoding="UTF-8"?><collection xmlns="http://www.loc.gov/MARC21/slim"><record><leader>00352nam--2200145-i-4500</leader><controlfield tag="001">000039193</controlfield><controlfield tag="002">20161230</controlfield><controlfield tag="005">20161230201042</controlfield><controlfield tag="008">060222s1000------------r-----000-0-eng-d</controlfield><datafield ind1=" " ind2=" " tag="080"><subfield code="a">621.396.93</subfield></datafield><datafield ind1=" " ind2=" " tag="100"><subfield code="a">Roberts, Arthur</subfield></datafield><datafield ind1=" " ind2=" " tag="245"><subfield code="a">Radar beacons</subfield></datafield><datafield ind1=" " ind2=" " tag="260"><subfield code="a">New York, Mcgraw-hill, 1947, Xx + 489p</subfield></datafield><datafield ind1=" " ind2=" " tag="490"><subfield code="a">Mit Rad Lab Series 3</subfield></datafield><datafield ind1=" " ind2=" " tag="852"><subfield code="a">10554</subfield></datafield></record></collection>